<?xml version = "1.0" encoding = "UTF-8"?><record>
  <leader>01754ngm#a2200397#c#4500</leader>
  <controlfield tag="005">20210602091100.0</controlfield>
  <controlfield tag="007">cr#|||||||||||</controlfield>
  <controlfield tag="007">vz#||||||</controlfield>
  <controlfield tag="008">151109|2015####gw#|||########o###v|ger#c</controlfield>
  <controlfield tag="003">DE-605</controlfield>
  <controlfield tag="001">990209711510206441</controlfield>
  <datafield tag="016" ind1="7" ind2=" ">
    <subfield code="a">1073363653</subfield>
    <subfield code="2">OCoLC</subfield>
  </datafield>
  <datafield tag="035" ind1=" " ind2=" ">
    <subfield code="a">(DE-605)HT018801101</subfield>
  </datafield>
  <datafield tag="040" ind1=" " ind2=" ">
    <subfield code="c">DE-605</subfield>
    <subfield code="a">38 M</subfield>
    <subfield code="b">ger</subfield>
    <subfield code="d">38 M</subfield>
    <subfield code="e">rakwb</subfield>
    <subfield code="d">DE-605</subfield>
  </datafield>
  <datafield tag="041" ind1=" " ind2=" ">
    <subfield code="a">ger</subfield>
  </datafield>
  <datafield tag="044" ind1=" " ind2=" ">
    <subfield code="c">XA-DE</subfield>
  </datafield>
  <datafield tag="082" ind1="0" ind2=" ">
    <subfield code="a">610</subfield>
  </datafield>
  <datafield tag="082" ind1="0" ind2=" ">
    <subfield code="a">020</subfield>
  </datafield>
  <datafield tag="100" ind1="1" ind2=" ">
    <subfield code="a">Arning, Ursula</subfield>
    <subfield code="0">(DE-588)1072011352</subfield>
    <subfield code="4">aut</subfield>
    <subfield code="0">(uri) https://portal.dnb.de/opac.htm?method=simpleSearch&amp;cqlMode=true&amp;query=idn=1072011352</subfield>
    <subfield code="0">(uri) http://viaf.org/viaf/sourceID/DNB|1072011352</subfield>
    <subfield code="B">GND-1072011352</subfield>
  </datafield>
  <datafield tag="245" ind1="1" ind2="0">
    <subfield code="a">PUBLISSO - Das ZB MED Open-Access-Publikationsportal</subfield>
    <subfield code="h">Elektronische Ressource</subfield>
    <subfield code="c">[Konzeption und Redaktion: Ursula Arning, Bettina Kullmer, Elke Roesner ; Mitarbeit: Jasmin Schmitz]</subfield>
  </datafield>
  <datafield tag="264" ind1=" " ind2="1">
    <subfield code="a">K&#246;ln</subfield>
    <subfield code="b">ZB MED - Leibniz-Informationszentrum Lebenswissenschaften</subfield>
    <subfield code="c">[2015]</subfield>
  </datafield>
  <datafield tag="300" ind1=" " ind2=" ">
    <subfield code="a">1 Online-Ressource (1 Videodatei)</subfield>
  </datafield>
  <datafield tag="340" ind1=" " ind2=" ">
    <subfield code="a">Archivierte Online-Ressource</subfield>
    <subfield code="9">F:652a</subfield>
  </datafield>
  <datafield tag="856" ind1="4" ind2="0">
    <subfield code="u">https://repository.publisso.de/resource/frl:6399387</subfield>
    <subfield code="x">Langzeitarchivierung</subfield>
  </datafield>
  <datafield tag="960" ind1="1" ind2=" ">
    <subfield code="r">38 M: ellinet; GND: (DE-588)1049797671</subfield>
  </datafield>
  <datafield tag="960" ind1="1" ind2=" ">
    <subfield code="i">iall</subfield>
  </datafield>
  <datafield tag="964" ind1="0" ind2="s">
    <subfield code="F">051</subfield>
    <subfield code="A">m|||||||</subfield>
  </datafield>
  <datafield tag="964" ind1="0" ind2="s">
    <subfield code="F">030</subfield>
    <subfield code="A">a|1uc||||||17</subfield>
  </datafield>
  <datafield tag="964" ind1="0" ind2="s">
    <subfield code="F">050</subfield>
    <subfield code="A">|||||ce|g|||||</subfield>
  </datafield>
  <datafield tag="035" ind1=" " ind2=" ">
    <subfield code="a">(OCoLC)1073363653</subfield>
    <subfield code="0">(uri) http://www.worldcat.org/oclc/1073363653</subfield>
  </datafield>
  <datafield tag="035" ind1=" " ind2=" ">
    <subfield code="a">(DE-599)HBZHT018801101</subfield>
  </datafield>
  <datafield tag="024" ind1="7" ind2=" ">
    <subfield code="a">10.4126/FRL01-006399387</subfield>
    <subfield code="2">doi</subfield>
  </datafield>
  <datafield tag="700" ind1="1" ind2=" ">
    <subfield code="a">Kullmer, Bettina</subfield>
    <subfield code="0">(DE-588)1080327355</subfield>
    <subfield code="4">aut</subfield>
    <subfield code="0">(uri) https://portal.dnb.de/opac.htm?method=simpleSearch&amp;cqlMode=true&amp;query=idn=1080327355</subfield>
    <subfield code="0">(uri) http://viaf.org/viaf/sourceID/DNB|1080327355</subfield>
    <subfield code="B">GND-1080327355</subfield>
  </datafield>
  <datafield tag="700" ind1="1" ind2=" ">
    <subfield code="a">Roesner, Elke</subfield>
    <subfield code="0">(DE-588)1049793021</subfield>
    <subfield code="4">aut</subfield>
    <subfield code="0">(uri) https://portal.dnb.de/opac.htm?method=simpleSearch&amp;cqlMode=true&amp;query=idn=1049793021</subfield>
    <subfield code="0">(uri) http://viaf.org/viaf/sourceID/DNB|1049793021</subfield>
    <subfield code="B">GND-1049793021</subfield>
  </datafield>
  <datafield tag="700" ind1="1" ind2=" ">
    <subfield code="a">Schmitz, Jasmin</subfield>
    <subfield code="0">(DE-588)1088345387</subfield>
    <subfield code="4">oth</subfield>
    <subfield code="0">(uri) https://portal.dnb.de/opac.htm?method=simpleSearch&amp;cqlMode=true&amp;query=idn=1088345387</subfield>
    <subfield code="0">(uri) http://viaf.org/viaf/sourceID/DNB|1088345387</subfield>
    <subfield code="B">GND-1088345387</subfield>
  </datafield>
  <datafield tag="500" ind1=" " ind2=" ">
    <subfield code="a">Sofern nicht anders angegeben, ist dieses Werk lizenziert unter einer Creative Commons Namensnennung - Keine Bearbeitungen 4.0 Lizenz (https://creativecommons.org/licenses/by-nd/4.0/ )</subfield>
  </datafield>
  <datafield tag="542" ind1="1" ind2=" ">
    <subfield code="n">Sofern nicht anders angegeben, ist dieses Werk lizenziert unter einer Creative Commons Namensnennung - Keine Bearbeitungen 4.0 Lizenz</subfield>
    <subfield code="u">https://creativecommons.org/licenses/by-nd/4.0/</subfield>
  </datafield>
  <datafield tag="MBD" ind1=" " ind2=" ">
    <subfield code="M">49HBZ_NETWORK</subfield>
    <subfield code="i">990209711510206441</subfield>
    <subfield code="n">HBZ Network</subfield>
  </datafield>
  <datafield tag="MNG" ind1=" " ind2=" ">
    <subfield code="c">System</subfield>
    <subfield code="f">HBZ</subfield>
    <subfield code="i">marc21</subfield>
    <subfield code="h">20210602091100.0</subfield>
    <subfield code="k">01</subfield>
    <subfield code="e">false</subfield>
    <subfield code="d">2021-08-01 04:02:20 Europe/Berlin</subfield>
    <subfield code="g">020971151-HBZ01</subfield>
    <subfield code="j">60</subfield>
    <subfield code="a">import</subfield>
    <subfield code="b">2021-04-05 18:17:20 Europe/Berlin</subfield>
  </datafield>
  <datafield tag="GSI" ind1="7" ind2=" ">
    <subfield code="a">1088345387</subfield>
    <subfield code="0">http://d-nb.info/gnd/1088345387</subfield>
    <subfield code="2">gnd</subfield>
    <subfield code="A">GND</subfield>
    <subfield code="B">GND-1088345387</subfield>
    <subfield code="C">024</subfield>
  </datafield>
  <datafield tag="GSI" ind1="7" ind2=" ">
    <subfield code="a">0000-0003-1427-1808</subfield>
    <subfield code="2">orcid</subfield>
    <subfield code="A">GND</subfield>
    <subfield code="B">GND-1088345387</subfield>
    <subfield code="C">024</subfield>
  </datafield>
  <datafield tag="GSI" ind1="7" ind2=" ">
    <subfield code="a">http://d-nb.info/gnd/1049793021</subfield>
    <subfield code="2">uri</subfield>
    <subfield code="A">GND</subfield>
    <subfield code="B">GND-1049793021</subfield>
    <subfield code="C">024</subfield>
  </datafield>
  <datafield tag="GSI" ind1="7" ind2=" ">
    <subfield code="a">http://d-nb.info/gnd/1080327355</subfield>
    <subfield code="2">uri</subfield>
    <subfield code="A">GND</subfield>
    <subfield code="B">GND-1080327355</subfield>
    <subfield code="C">024</subfield>
  </datafield>
  <datafield tag="GSI" ind1="7" ind2=" ">
    <subfield code="a">1072011352</subfield>
    <subfield code="0">http://d-nb.info/gnd/1072011352</subfield>
    <subfield code="2">gnd</subfield>
    <subfield code="A">GND</subfield>
    <subfield code="B">GND-1072011352</subfield>
    <subfield code="C">024</subfield>
  </datafield>
  <datafield tag="GSI" ind1="7" ind2=" ">
    <subfield code="a">0000-0002-7953-0666</subfield>
    <subfield code="2">orcid</subfield>
    <subfield code="A">GND</subfield>
    <subfield code="B">GND-1072011352</subfield>
    <subfield code="C">024</subfield>
  </datafield>
</record>